<record><leader>00000cas a22000007a 4500</leader><controlfield tag="001">11487949</controlfield><controlfield tag="008">841213d1872187uctudn ne      0    0eng d</controlfield><datafield ind1=" " ind2=" " tag="010"><subfield code="a">sn 84027722 </subfield></datafield><datafield ind1=" " ind2=" " tag="040"><subfield code="a">NPU</subfield><subfield code="b">eng</subfield><subfield code="c">NPU</subfield><subfield code="d">CNW</subfield><subfield code="d">OCLCQ</subfield><subfield code="d">OCLCF</subfield><subfield code="d">OCLCO</subfield></datafield><datafield ind1="1" ind2=" " tag="029"><subfield code="a">AU@</subfield><subfield code="b">000020634231</subfield></datafield><datafield ind1=" " ind2=" " tag="042"><subfield code="a">msc</subfield></datafield><datafield ind1=" " ind2=" " tag="043"><subfield code="a">n-us-ct</subfield></datafield><datafield ind1="0" ind2=" " tag="130"><subfield code="a">Daily morning call (West Meriden, Conn. : Daily)</subfield></datafield><datafield ind1="1" ind2="0" tag="245"><subfield code="a">Daily morning call.</subfield></datafield><datafield ind1="1" ind2="3" tag="246"><subfield code="a">Daily call</subfield><subfield code="f">&lt;Jun. 7, 1873-&gt;</subfield></datafield><datafield ind1="1" ind2="3" tag="246"><subfield code="a">Morning call</subfield><subfield code="f">Feb. 14-&lt;Jun. 4, 1873&gt;</subfield></datafield><datafield ind1=" " ind2=" " tag="260"><subfield code="a">West Meriden [Meriden], Conn. :</subfield><subfield code="b">Call Co.</subfield></datafield><datafield ind1=" " ind2=" " tag="300"><subfield code="a">v. ;</subfield><subfield code="c">56 cm.</subfield></datafield><datafield ind1=" " ind2=" " tag="310"><subfield code="a">Daily (except Sunday)</subfield></datafield><datafield ind1="1" ind2=" " tag="362"><subfield code="a">Began in 1872.</subfield><subfield code="z">Cf. Rowell, 1873.</subfield></datafield><datafield ind1=" " ind2=" " tag="500"><subfield code="a">"Morning" appears in title ornament.</subfield></datafield><datafield ind1=" " ind2=" " tag="515"><subfield code="a">Issues for Jul. 12, 1873-&lt;Mar. 5, 1875&gt; called: Vol. 2, no. 9, whole no. 182-&lt;v. 4, no. 56, whole no. 694&gt;.</subfield></datafield><datafield ind1=" " ind2=" " tag="588"><subfield code="a">Description based on: Dec. 21, 1872.</subfield></datafield><datafield ind1=" " ind2="0" tag="651"><subfield code="a">Meriden (Conn.)</subfield><subfield code="v">Newspapers.</subfield></datafield><datafield ind1=" " ind2="7" tag="655"><subfield code="a">Newspapers.</subfield><subfield code="2">fast</subfield><subfield code="0">(OCoLC)fst01423814</subfield></datafield><datafield ind1=" " ind2="7" tag="651"><subfield code="a">Connecticut</subfield><subfield code="z">Meriden.</subfield><subfield code="2">fast</subfield><subfield code="0">(OCoLC)fst01213400</subfield></datafield><datafield ind1=" " ind2=" " tag="752"><subfield code="a">United States</subfield><subfield code="b">Connecticut</subfield><subfield code="c">New Haven</subfield><subfield code="d">Meriden.</subfield></datafield><datafield ind1="0" ind2=" " tag="775"><subfield code="t">Daily morning call (West Meriden, Conn. : Semiweekly)</subfield><subfield code="w">(DLC)sn 84022500</subfield><subfield code="w">(OCoLC)10446828</subfield></datafield></record>